@book{Wolf:1992we,
editor = {Wolf, Dieter and Yip, Sidney},
title = {{Materials Interfaces}},
publisher = {Chapman {\&} Hall},
year = {1992},
series = {Atomic-level Structure and Properties},
address = {London},
}



@article{Pumphrey:1975dl,
author = {Pumphrey, P H},
title = {{High angle grain boundary energy cusps - a dislocation interpretation}},
journal = {Scripta Metallurgica Et Materialia},
year = {1975},
volume = {9},
number = {2},
pages = {151--157},
month = feb,
publisher = {Pergamon},
keywords = {Grain-Boundary},
doi = {10.1016/0036-9748(75)90585-2},
}